Agnan Kessy, Alex Lewin, Korbinian Strimmer, ‘Optimal whitening and decorrelation’, 2016
Christopher M. Bishop, ‘Pattern Recognition and Machine Learning (Information Science and Statistics)’, 2006
Alex Krizhevsky, Ilya Sutskever, Geoffrey E. Hinton, ‘Imagenet classification with deep convolutional neural networks’, 2012
Partice Y. Simard, Dave Steinkraus, John C. Platt, ‘Best practices for convolutional neural networks applied to visual document analysis’, 2003
David A. van Dyk, Xiao-Li Meng, ‘The art of data augmentation’, 2001
Xavier Bouthillier, Kishore Konda, Pascal Vincent, Roland Memisevic, ‘Dropout as data augmentation’, 2016 
